<record><leader>00000cas a22000007a 4500</leader><controlfield tag="001">14868454</controlfield><controlfield tag="008">861124d18751985pauwr ne      0    0eng d</controlfield><datafield ind1=" " ind2=" " tag="010"><subfield code="a">sn 86053926 </subfield></datafield><datafield ind1=" " ind2=" " tag="040"><subfield code="a">NPX</subfield><subfield code="b">eng</subfield><subfield code="c">NPX</subfield><subfield code="d">NPH</subfield><subfield code="d">OCLCQ</subfield></datafield><datafield ind1=" " ind2=" " tag="042"><subfield code="a">msc</subfield></datafield><datafield ind1="0" ind2="4" tag="245"><subfield code="a">The Saltsburg press.</subfield></datafield><datafield ind1="3" ind2="0" tag="246"><subfield code="a">Press</subfield></datafield><datafield ind1=" " ind2=" " tag="260"><subfield code="a">Saltsburg, Indiana Co., Pa. :</subfield><subfield code="b">Saltsburg Print. Assn.,</subfield><subfield code="c">-1985.</subfield></datafield><datafield ind1=" " ind2=" " tag="300"><subfield code="a">v.</subfield></datafield><datafield ind1=" " ind2=" " tag="310"><subfield code="a">Weekly</subfield></datafield><datafield ind1="1" ind2=" " tag="362"><subfield code="a">Began with Sept. 5, 1875 issue.</subfield><subfield code="z">Cf. Gregory, W. Amer. newspapers.</subfield></datafield><datafield ind1="0" ind2=" " tag="362"><subfield code="a">-v. 110, no. 52 (Sept. 10, 1985).</subfield></datafield><datafield ind1=" " ind2=" " tag="500"><subfield code="a">Had title: Press, &lt;Oct. 7, 1970&gt;.</subfield></datafield><datafield ind1=" " ind2=" " tag="500"><subfield code="a">Editor: W. McWilliams, &lt;1876&gt;.</subfield></datafield><datafield ind1=" " ind2=" " tag="515"><subfield code="a">Issues for &lt;Jan. 2, 1908&gt; called also &lt;whole no. 1664&gt;.</subfield></datafield><datafield ind1=" " ind2=" " tag="580"><subfield code="a">Absorbed: Saltsburg sentinel, July 25, 1964.</subfield></datafield><datafield ind1=" " ind2=" " tag="588"><subfield code="a">Description based on: Vol. 1, no. 4 (Oct. 6, 1875).</subfield></datafield><datafield ind1=" " ind2=" " tag="752"><subfield code="a">United States</subfield><subfield code="b">Pennsylvania</subfield><subfield code="c">Indiana</subfield><subfield code="d">Saltsburg.</subfield></datafield><datafield ind1="1" ind2="5" tag="780"><subfield code="t">Saltsburg sentinel</subfield><subfield code="w">(DLC)sn 87078208</subfield></datafield><datafield ind1="1" ind2=" " tag="029"><subfield code="a">AU@</subfield><subfield code="b">000025797387</subfield></datafield></record>